<record><leader>00000cas a2200000 a 4500</leader><controlfield tag="001">9567249</controlfield><controlfield tag="008">830602d18791881iluwr ne      0   a0eng c</controlfield><datafield ind1=" " ind2=" " tag="010"><subfield code="a">sn 83045609 </subfield></datafield><datafield ind1=" " ind2=" " tag="040"><subfield code="a">CRL</subfield><subfield code="b">eng</subfield><subfield code="c">CRL</subfield><subfield code="d">NPW</subfield><subfield code="d">NVF</subfield><subfield code="d">DLC</subfield><subfield code="d">OCLCQ</subfield><subfield code="d">NVF</subfield><subfield code="d">OCLCQ</subfield><subfield code="d">OCLCF</subfield><subfield code="d">OCLCO</subfield><subfield code="d">NVF</subfield><subfield code="d">OCLCO</subfield><subfield code="d">OCL</subfield></datafield><datafield ind1=" " ind2=" " tag="042"><subfield code="a">pcc</subfield></datafield><datafield ind1=" " ind2=" " tag="043"><subfield code="a">n-us-il</subfield></datafield><datafield ind1="0" ind2="4" tag="245"><subfield code="a">The Rochelle telephone.</subfield></datafield><datafield ind1=" " ind2=" " tag="260"><subfield code="a">Rochelle, Ill. :</subfield><subfield code="b">J.M. King,</subfield><subfield code="c">1879-1881.</subfield></datafield><datafield ind1=" " ind2=" " tag="300"><subfield code="a">v.</subfield></datafield><datafield ind1=" " ind2=" " tag="310"><subfield code="a">Weekly</subfield></datafield><datafield ind1="0" ind2=" " tag="362"><subfield code="a">Vol. 1, no. 1 (July 12, 1879)-v. 3, no. 3 (July 23, 1881).</subfield></datafield><datafield ind1=" " ind2=" " tag="500"><subfield code="a">"A persistent advocate of the principles of the National Greenback-Labor Party."</subfield></datafield><datafield ind1=" " ind2=" " tag="530"><subfield code="a">Available on microfilm.</subfield></datafield><datafield ind1="2" ind2="0" tag="610"><subfield code="a">Greenback Labor Party (U.S.)</subfield><subfield code="v">Newspapers.</subfield></datafield><datafield ind1=" " ind2="0" tag="651"><subfield code="a">Rochelle (Ill.)</subfield><subfield code="x">Politics and government</subfield><subfield code="y">19th century.</subfield></datafield><datafield ind1="2" ind2="7" tag="610"><subfield code="a">Greenback Labor Party (U.S.)</subfield><subfield code="2">fast</subfield><subfield code="0">(OCoLC)fst00690833</subfield></datafield><datafield ind1=" " ind2="7" tag="650"><subfield code="a">Politics and government.</subfield><subfield code="2">fast</subfield><subfield code="0">(OCoLC)fst01919741</subfield></datafield><datafield ind1=" " ind2="7" tag="651"><subfield code="a">Illinois</subfield><subfield code="z">Rochelle.</subfield><subfield code="2">fast</subfield><subfield code="0">(OCoLC)fst01219148</subfield></datafield><datafield ind1=" " ind2="7" tag="648"><subfield code="a">1800-1899</subfield><subfield code="2">fast</subfield></datafield><datafield ind1=" " ind2="7" tag="655"><subfield code="a">Newspapers.</subfield><subfield code="2">fast</subfield><subfield code="0">(OCoLC)fst01423814</subfield></datafield><datafield ind1=" " ind2=" " tag="752"><subfield code="a">United States</subfield><subfield code="b">Illinois</subfield><subfield code="c">Ogle County</subfield><subfield code="d">Rochelle.</subfield></datafield><datafield ind1="0" ind2="0" tag="780"><subfield code="t">Rapalee's Greenbacker</subfield><subfield code="w">(DLC)sn 84024085</subfield><subfield code="w">(OCoLC)10478725</subfield></datafield><datafield ind1="1" ind2=" " tag="029"><subfield code="a">AU@</subfield><subfield code="b">000025816190</subfield></datafield></record>